[gd_scene load_steps=4 format=2]

[ext_resource path="res://assets/source/Bitstream Vera Sans Mono Bold Nerd Font Complete.ttf" type="DynamicFontData" id=1]

[sub_resource type="DynamicFont" id=1]
size = 32
font_data = ExtResource( 1 )

[sub_resource type="DynamicFont" id=2]
size = 24
font_data = ExtResource( 1 )

[node name="Control" type="WindowDialog"]
anchor_right = 1.0
anchor_bottom = 1.0
margin_left = 256.0
margin_top = 256.0
margin_right = -256.0
margin_bottom = -512.0
popup_exclusive = true

[node name="VBoxContainer" type="VBoxContainer" parent="."]
anchor_right = 1.0
anchor_bottom = 1.0
margin_left = 40.0
margin_top = 40.0
margin_right = -40.0
margin_bottom = -40.0
__meta__ = {
"_edit_use_anchors_": false
}

[node name="Label" type="Label" parent="VBoxContainer"]
margin_right = 688.0
margin_bottom = 38.0
custom_fonts/font = SubResource( 1 )
text = "Game over!"
align = 1
valign = 1

[node name="New" type="Button" parent="VBoxContainer"]
margin_top = 42.0
margin_right = 688.0
margin_bottom = 77.0
custom_fonts/font = SubResource( 2 )
text = "New Game"

[node name="Quit" type="Button" parent="VBoxContainer"]
margin_top = 81.0
margin_right = 688.0
margin_bottom = 116.0
custom_fonts/font = SubResource( 2 )
text = "Quit"

[node name="Fail Game" type="Button" parent="VBoxContainer"]
visible = false
margin_right = 12.0
margin_bottom = 20.0
text = "Fail Game"

[node name="Win Game" type="Button" parent="VBoxContainer"]
visible = false
margin_right = 12.0
margin_bottom = 20.0
text = "Win Game"
