[gd_scene load_steps=10 format=2]

[ext_resource path="res://src/font_32.tres" type="DynamicFont" id=1]
[ext_resource path="res://assets/export/health.png" type="Texture" id=2]
[ext_resource path="res://src/black_hilight_2px.tres" type="Material" id=3]
[ext_resource path="res://assets/export/movement.png" type="Texture" id=4]
[ext_resource path="res://assets/export/attack.png" type="Texture" id=5]
[ext_resource path="res://assets/export/kills.png" type="Texture" id=6]
[ext_resource path="res://src/PieceDetails.gd" type="Script" id=7]
[ext_resource path="res://assets/source/Bitstream Vera Sans Mono Bold Nerd Font Complete.ttf" type="DynamicFontData" id=8]

[sub_resource type="DynamicFont" id=1]
size = 20
font_data = ExtResource( 8 )

[node name="Control" type="Control"]
anchor_right = 1.0
anchor_bottom = 1.0
script = ExtResource( 7 )
__meta__ = {
"_edit_use_anchors_": false
}

[node name="Vbox" type="VBoxContainer" parent="."]
margin_right = 40.0
margin_bottom = 40.0
__meta__ = {
"_edit_use_anchors_": false
}

[node name="Label" type="Label" parent="Vbox"]
margin_right = 190.0
margin_bottom = 79.0
custom_fonts/font = ExtResource( 1 )
text = "Piece info
"

[node name="Movement" type="HBoxContainer" parent="Vbox"]
margin_top = 83.0
margin_right = 190.0
margin_bottom = 147.0

[node name="TextureRect" type="TextureRect" parent="Vbox/Movement"]
material = ExtResource( 3 )
margin_right = 64.0
margin_bottom = 64.0
hint_tooltip = "Movement"
texture = ExtResource( 4 )

[node name="Label" type="Label" parent="Vbox/Movement"]
margin_left = 68.0
margin_top = 13.0
margin_right = 87.0
margin_bottom = 51.0
custom_fonts/font = ExtResource( 1 )
text = "1	"
__meta__ = {
"_editor_description_": ""
}

[node name="UpMovement" type="Button" parent="Vbox"]
visible = false
margin_top = 151.0
margin_right = 190.0
margin_bottom = 171.0
text = "Increase Movement"

[node name="Health" type="HBoxContainer" parent="Vbox"]
margin_top = 151.0
margin_right = 190.0
margin_bottom = 215.0

[node name="TextureRect" type="TextureRect" parent="Vbox/Health"]
material = ExtResource( 3 )
margin_right = 64.0
margin_bottom = 64.0
texture = ExtResource( 2 )

[node name="Label" type="Label" parent="Vbox/Health"]
margin_left = 68.0
margin_top = 13.0
margin_right = 87.0
margin_bottom = 51.0
custom_fonts/font = ExtResource( 1 )
text = "1	"

[node name="UpHealth" type="Button" parent="Vbox"]
visible = false
margin_top = 219.0
margin_right = 190.0
margin_bottom = 239.0
text = "Increase health"

[node name="Damage" type="HBoxContainer" parent="Vbox"]
margin_top = 219.0
margin_right = 190.0
margin_bottom = 283.0

[node name="TextureRect" type="TextureRect" parent="Vbox/Damage"]
material = ExtResource( 3 )
margin_right = 64.0
margin_bottom = 64.0
texture = ExtResource( 5 )

[node name="Label" type="Label" parent="Vbox/Damage"]
margin_left = 68.0
margin_top = 13.0
margin_right = 87.0
margin_bottom = 51.0
custom_fonts/font = ExtResource( 1 )
text = "1"

[node name="UpDamage" type="Button" parent="Vbox"]
visible = false
margin_top = 287.0
margin_right = 190.0
margin_bottom = 307.0
text = "Increase damage"

[node name="Kills" type="HBoxContainer" parent="Vbox"]
margin_top = 287.0
margin_right = 190.0
margin_bottom = 351.0

[node name="TextureRect" type="TextureRect" parent="Vbox/Kills"]
material = ExtResource( 3 )
margin_right = 64.0
margin_bottom = 64.0
texture = ExtResource( 6 )

[node name="Label" type="Label" parent="Vbox/Kills"]
margin_left = 68.0
margin_top = 13.0
margin_right = 87.0
margin_bottom = 51.0
custom_fonts/font = ExtResource( 1 )
text = "1"

[node name="Jump" type="Label" parent="Vbox"]
margin_top = 355.0
margin_right = 190.0
margin_bottom = 379.0
custom_fonts/font = SubResource( 1 )
text = "Cannot jump"

[node name="CheckButton" type="CheckButton" parent="Vbox"]
visible = false
margin_top = 383.0
margin_right = 190.0
margin_bottom = 423.0
text = "Jump"

[node name="Powerup" type="Button" parent="Vbox"]
visible = false
margin_top = 427.0
margin_right = 190.0
margin_bottom = 447.0
text = "Spawn powerup"
[connection signal="pressed" from="Vbox/UpMovement" to="." method="_on_UpMovement_pressed"]
[connection signal="pressed" from="Vbox/UpHealth" to="." method="_on_UpHealth_pressed"]
[connection signal="pressed" from="Vbox/UpDamage" to="." method="_on_UpDamage_pressed"]
[connection signal="toggled" from="Vbox/CheckButton" to="." method="_on_CheckButton_toggled"]
